@book{sommerville10a,
 
  address = {Harlow, England},
  author = {Sommerville, Ian},
  biburl = {https://www.bibsonomy.org/bibtex/2094b37a4bb8b242d7694cdc9142e0d80/flint63},
  edition = 9,
  
  isbn = {978-0-13-703515-1},
  
  publisher = {Addison-Wesley},
  timestamp = {2018-04-16T12:01:54.000+0200},
  title = {Software Engineering},

  year = 2010
}

@inproceedings{zhmezhya05a,
author = {Zhang, Wei and Mei, Hong and Zhao, Haiyan and Yang, Jie},
year = {2005},
month = {10},
pages = {248-263},
title = {Transformation from CIM to PIM: A Feature-Oriented Component-Based Approach},
isbn = {978-3-540-29010-0},
doi = {10.1007/11557432_18}
}

@book{stvzo,
 
  author = {Bundesministerium für Justiz und Verbraucherschutz},
  title = "Straßenverkehrs-Zulassungs-Ordnung (StVZO)",
  publisher = "§64a, §65 Absatz 1, §66a Absatz 1, §67 Absatz 1-4"
}
 
@online{SysML,
  author = {SysMLforum},
  title = {What is SysML? - What You Need to Know},
  url = {https://sysmlforum.com/},
  urldate = {2021-07-26}
}

@article{frkest09,
author = {Franke, Nikolaus and Keinz, Peter and Steger, Christoph},
year = {2009},
month = {10},
pages = {103-121},
title = {Testing the Value of Customization: When Do Customers Really Prefer Products Tailored to Their Preferences?},
volume = {73},
journal = {Journal of Marketing American Marketing Association ISSN},
doi = {10.1509/jmkg.73.5.103}
}

@online{GoogleScholar,
  url = {https://scholar.google.com/},
}

@online{ScienceDirect,
  url = {https://www.sciencedirect.com/},
}

@online{Academia,
  url = {https://www.academia.edu/},
}

@online{ResearchGate,
  url = {https://www.researchgate.net/},
}

@online{KRR,
  url = {https://github.com/krr-up/bibliography/blob/master/krr.bib},
}